<record><leader>00000cas a22000007a 4500</leader><controlfield tag="001">15871861</controlfield><controlfield tag="008">870609d18821888lauwr ne      0    0eng d</controlfield><datafield ind1=" " ind2=" " tag="010"><subfield code="a">sn 87090579 </subfield></datafield><datafield ind1=" " ind2=" " tag="040"><subfield code="a">PPM</subfield><subfield code="b">eng</subfield><subfield code="c">PPM</subfield><subfield code="d">LNP</subfield><subfield code="d">OCLCF</subfield><subfield code="d">OCLCO</subfield><subfield code="d">HUL</subfield></datafield><datafield ind1=" " ind2=" " tag="042"><subfield code="a">msc</subfield></datafield><datafield ind1="0" ind2="4" tag="245"><subfield code="a">The Weekly capitolian-advocate.</subfield></datafield><datafield ind1="1" ind2="0" tag="246"><subfield code="a">Weekly capitolian advocate</subfield></datafield><datafield ind1="1" ind2="0" tag="246"><subfield code="a">Capitolian-advocate</subfield></datafield><datafield ind1=" " ind2=" " tag="260"><subfield code="a">Baton Rouge, La. :</subfield><subfield code="b">W.A. LeSueur,</subfield></datafield><datafield ind1=" " ind2=" " tag="310"><subfield code="a">Weekly,</subfield><subfield code="b">Feb. 10, 1882-</subfield></datafield><datafield ind1=" " ind2=" " tag="321"><subfield code="a">Weekly,</subfield><subfield code="b">Jan. 20, 1882</subfield></datafield><datafield ind1=" " ind2=" " tag="321"><subfield code="a">Semiweekly,</subfield><subfield code="b">Jan. 23-Feb. 3, 1882</subfield></datafield><datafield ind1="0" ind2=" " tag="362"><subfield code="a">Jan. 20, 1882-July 28, 1888.</subfield></datafield><datafield ind1=" " ind2=" " tag="500"><subfield code="a">Title varies slightly: Capitolian-advocate, Jan. 23-Feb. 3, 1882.</subfield></datafield><datafield ind1=" " ind2="0" tag="651"><subfield code="a">Baton Rouge (La.)</subfield><subfield code="v">Newspapers.</subfield></datafield><datafield ind1=" " ind2="7" tag="651"><subfield code="a">Louisiana</subfield><subfield code="z">Baton Rouge.</subfield><subfield code="2">fast</subfield><subfield code="0">(OCoLC)fst01205202</subfield></datafield><datafield ind1=" " ind2="7" tag="655"><subfield code="a">Newspapers.</subfield><subfield code="2">fast</subfield><subfield code="0">(OCoLC)fst01423814</subfield></datafield><datafield ind1=" " ind2=" " tag="752"><subfield code="a">United States</subfield><subfield code="b">Louisiana</subfield><subfield code="c">East Baton Rouge</subfield><subfield code="d">Baton Rouge.</subfield></datafield><datafield ind1="0" ind2=" " tag="775"><subfield code="t">Daily capitolian-advocate</subfield><subfield code="w">(DLC)sn 86090986</subfield><subfield code="w">(OCoLC)15270632</subfield></datafield><datafield ind1="0" ind2="0" tag="780"><subfield code="t">Weekly advocate (Baton Rouge, La. : 1855)</subfield><subfield code="w">(DLC)sn 82003386</subfield><subfield code="w">(OCoLC)8804284</subfield></datafield><datafield ind1="0" ind2="0" tag="785"><subfield code="t">Weekly advocate (Baton Rouge, La. : 1888)</subfield><subfield code="w">(DLC)sn 88064594</subfield><subfield code="w">(OCoLC)18387454</subfield></datafield><datafield ind1="1" ind2=" " tag="029"><subfield code="a">AU@</subfield><subfield code="b">000020471677</subfield></datafield></record>